@incollection{yildirim2014fasa,
  title={FASA: fast, accurate, and size-aware salient object detection},
  author={Yildirim, G{\"o}khan and S{\"u}sstrunk, Sabine},
  booktitle={Computer Vision--ACCV 2014},
  pages={514--528},
  year={2014},
  publisher={Springer}
}
